

@article{EcklesKarrerUgander_2017,
url = {https://doi.org/10.1515/jci-2015-0021},
title = {Design and Analysis of Experiments in Networks: Reducing Bias from Interference},
title = {},
author = {Dean Eckles and Brian Karrer and Johan Ugander},
pages = {20150021},
volume = {5},
number = {1},
journal = {Journal of Causal Inference},
doi = {doi:10.1515/jci-2015-0021},
year = {2017},
lastchecked = {2025-07-02}
}

@article{UganderEtAl_2013_A,
author = {Ugander, Johan and Karrer, Brian and Backstrom, Lars and Kleinberg, Jon},
year = {2013},
month = {05},
journal = {Proc. of KDD. ACM.},
pages = {},
title = {Graph cluster randomization: network exposure to multiple universes},
doi = {10.1145/2487575.2487695}
}